

%Measure Theory

@book{leadbetter:2014,
  title={A basic course in measure and probability: Theory for applications},
  author={Leadbetter, Ross and Cambanis, Stamatis and Pipiras, Vladas},
  year={2014},
  publisher={Cambridge university press}
}


%Inf theory

@article{Shannon:1948,
  title={A mathematical theory of communication},
  author={Shannon, Claude Elwood},
  journal={ACM SIGMOBILE Mobile Computing and Communications Review},
  volume={5},
  number={1},
  pages={3--55},
  year={2001},
  publisher={ACM}
}

@book{Feinstein:1958,
  title={Foundations of information theory},
  author={Feinstein, Amiel},
  year={1958},
  publisher={McGraw-Hill}
}

@book{Ash:1965,
    author    = "Ash, Robert B.",
    title     = "Information Theory",
    year      = "1965",
    publisher = "Wiley",
    address   = "New York"
}

@book{Kullback:1997,
  title={Information theory and statistics},
  author={Kullback, Solomon},
  year={1997},
  publisher={Courier Corporation}
}

%sec 2

@article{bubeck:2012,
  title={Regret analysis of stochastic and nonstochastic multi-armed bandit problems},
  author={Bubeck, S{\'e}bastien and Cesa-Bianchi, Nicolo and others},
  journal={Foundations and Trends{\textregistered} in Machine Learning},
  volume={5},
  number={1},
  pages={1--122},
  year={2012},
  publisher={Now Publishers, Inc.}
}

%Misc

%Thompson sampling 
@article{thompson:1933,
  title={On the likelihood that one unknown probability exceeds another in view of the evidence of two samples},
  author={Thompson, William R},
  journal={Biometrika},
  volume={25},
  number={3/4},
  pages={285--294},
  year={1933},
  publisher={JSTOR}
}
%UCB1
@article{auer:2002,
  title={Finite-time analysis of the multiarmed bandit problem},
  author={Auer, Peter and Cesa-Bianchi, Nicolo and Fischer, Paul},
  journal={Machine learning},
  volume={47},
  number={2-3},
  pages={235--256},
  year={2002},
  publisher={Springer}
}

%Lai and robbins

@article{lai-robbins:1985,
  title={Asymptotically efficient adaptive allocation rules},
  author={Lai, Tze Leung and Robbins, Herbert},
  journal={Advances in applied mathematics},
  volume={6},
  number={1},
  pages={4--22},
  year={1985},
  publisher={Citeseer}
}

%@misc{knuthwebsite,
  %  author    = "Donald Knuth",
  %  title     = "Knuth: Computers and Typesetting",
    %url       = "http://www-cs-faculty.stanford.edu/\~{}uno/abcde.html"
%}
